@article{Langville:2005:SEM:1055334.1055396,
 author = {Langville, Amy N. and Meyer, Carl D.},
 title = {A Survey of Eigenvector Methods for Web Information  Retrieval},
 journal = {SIAM Rev.},
 issue_date = {2005},
 volume = {47},
 number = {1},
 month = jan,
 year = {2005},
 issn = {0036-1445},
 pages = {135--161},
 numpages = {27},
 url = {http://dx.doi.org/10.1137/S0036144503424786},
 doi = {10.1137/S0036144503424786},
 acmid = {1055396},
 publisher = {Society for Industrial and Applied Mathematics},
 address = {Philadelphia, PA, USA},
 keywords = {HITS, Markov chain, PageRank, SALSA, eigenvector, information retrieval},
} 

@article{Bianchini:2005:IP:1052934.1052938,
	author = {Bianchini, Monica and Gori, Marco and Scarselli, Franco},
	title = {Inside PageRank},
	journal = {ACM Trans. Internet Technol.},
	issue_date = {February 2005},
	volume = {5},
	number = {1},
	month = feb,
	year = {2005},
	issn = {1533-5399},
	pages = {92--128},
	numpages = {37},
	url = {http://doi.acm.org/10.1145/1052934.1052938},
	doi = {10.1145/1052934.1052938},
	acmid = {1052938},
	publisher = {ACM},
	address = {New York, NY, USA},
	keywords = {Information retrieval, Markov chains, PageRank, Web page scoring, search engines, searching the Web},
} 
